{
  "leader": "01963cam a2200457Ii 4500",
  "fields": [
    {
      "001": "ocm03898098\\"
    },
    {
      "003": "OCoLC"
    },
    {
      "005": "20220707182634.0"
    },
    {
      "008": "780516s1961\\\\\\\\nyu\\\\\\\\\\\\b\\\\\\\\000\\0\\eng\\d"
    },
    {
      "040": {
        "ind1": "\\",
        "ind2": "\\",
        "subfields": [
          {
            "a": "OSU"
          },
          {
            "b": "eng"
          },
          {
            "c": "OSU"
          },
          {
            "d": "OCL"
          },
          {
            "d": "OCLCQ"
          },
          {
            "d": "OCLCG"
          },
          {
            "d": "MNJ"
          },
          {
            "d": "OCLCA"
          },
          {
            "d": "PS1"
          },
          {
            "d": "BAKER"
          },
          {
            "d": "BTCTA"
          },
          {
            "d": "LVB"
          },
          {
            "d": "YDXCP"
          },
          {
            "d": "B9K"
          },
          {
            "d": "OCLCQ"
          },
          {
            "d": "OCLCO"
          },
          {
            "d": "OCLCF"
          },
          {
            "d": "P4I"
          },
          {
            "d": "OCLCQ"
          },
          {
            "d": "V5E"
          },
          {
            "d": "LGG"
          },
          {
            "d": "PAU"
          },
          {
            "d": "J9U"
          },
          {
            "d": "OCLCO"
          }
        ]
      }
    },
    {
      "019": {
        "ind1": "\\",
        "ind2": "\\",
        "subfields": [
          {
            "a": "30524621"
          },
          {
            "a": "1039235393"
          },
          {
            "a": "1049476809"
          },
          {
            "a": "1083625627"
          },
          {
            "a": "1084767981"
          },
          {
            "a": "1126627648"
          },
          {
            "a": "1127485455"
          }
        ]
      }
    },
    {
      "020": {
        "ind1": "\\",
        "ind2": "\\",
        "subfields": [
          {
            "a": "0394701291"
          }
        ]
      }
    },
    {
      "020": {
        "ind1": "\\",
        "ind2": "\\",
        "subfields": [
          {
            "a": "9780394701295"
          }
        ]
      }
    },
    {
      "035": {
        "ind1": "\\",
        "ind2": "\\",
        "subfields": [
          {
            "a": "(OCoLC)3898098"
          },
          {
            "z": "(OCoLC)30524621"
          },
          {
            "z": "(OCoLC)1039235393"
          },
          {
            "z": "(OCoLC)1049476809"
          },
          {
            "z": "(OCoLC)1083625627"
          },
          {
            "z": "(OCoLC)1084767981"
          },
          {
            "z": "(OCoLC)1126627648"
          },
          {
            "z": "(OCoLC)1127485455"
          }
        ]
      }
    },
    {
      "041": {
        "ind1": "\\",
        "ind2": "\\",
        "subfields": [
          {
            "a": "eng"
          }
        ]
      }
    },
    {
      "050": {
        "ind1": "1",
        "ind2": "4",
        "subfields": [
          {
            "a": "Q180.A1"
          },
          {
            "b": "B48 1961"
          }
        ]
      }
    },
    {
      "060": {
        "ind1": "0",
        "ind2": "0",
        "subfields": [
          {
            "a": "Q 180.A1"
          },
          {
            "b": "B571a 1950"
          }
        ]
      }
    },
    {
      "080": {
        "ind1": "\\",
        "ind2": "\\",
        "subfields": [
          {
            "a": "001.89"
          },
          {
            "b": "B571:3"
          }
        ]
      }
    },
    {
      "082": {
        "ind1": "0",
        "ind2": "4",
        "subfields": [
          {
            "a": "507.2"
          },
          {
            "b": "BEV"
          }
        ]
      }
    },
    {
      "100": {
        "ind1": "1",
        "ind2": "\\",
        "subfields": [
          {
            "a": "Beveridge, W. I. B."
          },
          {
            "q": "(William Ian Beardmore),"
          },
          {
            "d": "1908-2006."
          }
        ]
      }
    },
    {
      "245": {
        "ind1": "1",
        "ind2": "4",
        "subfields": [
          {
            "a": "The art of scientific investigation /"
          },
          {
            "c": "by W.I.B. Beveridge."
          }
        ]
      }
    },
    {
      "250": {
        "ind1": "\\",
        "ind2": "\\",
        "subfields": [
          {
            "a": "[1st Vintage ed.]."
          }
        ]
      }
    },
    {
      "260": {
        "ind1": "\\",
        "ind2": "\\",
        "subfields": [
          {
            "a": "New York :"
          },
          {
            "b": "Vintage Books,"
          },
          {
            "c": "[1961]"
          }
        ]
      }
    },
    {
      "300": {
        "ind1": "\\",
        "ind2": "\\",
        "subfields": [
          {
            "a": "xiv, 239 pages ;"
          },
          {
            "c": "19 cm."
          }
        ]
      }
    },
    {
      "336": {
        "ind1": "\\",
        "ind2": "\\",
        "subfields": [
          {
            "a": "text"
          },
          {
            "b": "txt"
          },
          {
            "2": "rdacontent"
          }
        ]
      }
    },
    {
      "337": {
        "ind1": "\\",
        "ind2": "\\",
        "subfields": [
          {
            "a": "unmediated"
          },
          {
            "b": "n"
          },
          {
            "2": "rdamedia"
          }
        ]
      }
    },
    {
      "338": {
        "ind1": "\\",
        "ind2": "\\",
        "subfields": [
          {
            "a": "volume"
          },
          {
            "b": "nc"
          },
          {
            "2": "rdacarrier"
          }
        ]
      }
    },
    {
      "490": {
        "ind1": "1",
        "ind2": "\\",
        "subfields": [
          {
            "a": "A Vintage book ;"
          },
          {
            "v": "V-129"
          }
        ]
      }
    },
    {
      "500": {
        "ind1": "\\",
        "ind2": "\\",
        "subfields": [
          {
            "a": "\"A Vintage book, V-129.\""
          }
        ]
      }
    },
    {
      "504": {
        "ind1": "\\",
        "ind2": "\\",
        "subfields": [
          {
            "a": "Includes bibliographical references (pages 227-233)."
          }
        ]
      }
    },
    {
      "583": {
        "ind1": "1",
        "ind2": "\\",
        "subfields": [
          {
            "a": "committed to retain"
          },
          {
            "c": "20170930"
          },
          {
            "d": "20421231"
          },
          {
            "f": "HathiTrust"
          },
          {
            "u": "https://www.hathitrust.org/shared_print_program"
          },
          {
            "5": "PU"
          }
        ]
      }
    },
    {
      "650": {
        "ind1": "\\",
        "ind2": "0",
        "subfields": [
          {
            "a": "Research."
          }
        ]
      }
    },
    {
      "650": {
        "ind1": "\\",
        "ind2": "0",
        "subfields": [
          {
            "a": "Science"
          },
          {
            "x": "Methodology."
          }
        ]
      }
    },
    {
      "650": {
        "ind1": "\\",
        "ind2": "0",
        "subfields": [
          {
            "a": "Research"
          },
          {
            "x": "Methodology."
          }
        ]
      }
    },
    {
      "650": {
        "ind1": "\\",
        "ind2": "2",
        "subfields": [
          {
            "a": "Research"
          }
        ]
      }
    },
    {
      "650": {
        "ind1": "\\",
        "ind2": "7",
        "subfields": [
          {
            "a": "Research."
          },
          {
            "2": "fast"
          },
          {
            "0": "(OCoLC)fst01095153"
          }
        ]
      }
    },
    {
      "776": {
        "ind1": "0",
        "ind2": "8",
        "subfields": [
          {
            "i": "Online version:"
          },
          {
            "a": "Beveridge, W.I.B. (William Ian Beardmore), 1908-2006."
          },
          {
            "t": "Art of scientific investigation."
          },
          {
            "b": "[1st Vintage ed.]."
          },
          {
            "d": "New York, Vintage Books [1961]"
          },
          {
            "w": "(OCoLC)713135871"
          }
        ]
      }
    },
    {
      "830": {
        "ind1": "\\",
        "ind2": "0",
        "subfields": [
          {
            "a": "Vintage book ;"
          },
          {
            "v": "V-129."
          }
        ]
      }
    },
    {
      "994": {
        "ind1": "\\",
        "ind2": "\\",
        "subfields": [
          {
            "a": "Z0"
          },
          {
            "b": "NYRVC"
          }
        ]
      }
    },
    {
      "948": {
        "ind1": "\\",
        "ind2": "\\",
        "subfields": [
          {
            "h": "NO HOLDINGS IN NYRVC - 149 OTHER HOLDINGS"
          }
        ]
      }
    },
    {
      "999": {
        "ind1": "\\",
        "ind2": "\\",
        "subfields": [
          {
            "a": "00000000019575"
          }
        ]
      }
    }
  ]
}